<record><leader>00000cas a2200000 a 4500</leader><controlfield tag="001">43939675</controlfield><controlfield tag="008">000427d19uu19uucauuu ne      0    0eng c</controlfield><datafield ind1=" " ind2=" " tag="010"><subfield code="a">sn 00060397 </subfield></datafield><datafield ind1=" " ind2=" " tag="040"><subfield code="a">CNK</subfield><subfield code="b">eng</subfield><subfield code="c">CNK</subfield><subfield code="d">OCLCQ</subfield><subfield code="d">OCLCF</subfield><subfield code="d">OCLCO</subfield></datafield><datafield ind1="1" ind2=" " tag="029"><subfield code="a">AU@</subfield><subfield code="b">000021486157</subfield></datafield><datafield ind1=" " ind2=" " tag="042"><subfield code="a">pcc</subfield></datafield><datafield ind1=" " ind2=" " tag="043"><subfield code="a">n-us-ca</subfield></datafield><datafield ind1="0" ind2="0" tag="245"><subfield code="a">Pico times post.</subfield></datafield><datafield ind1=" " ind2=" " tag="260"><subfield code="a">Pico, Calif. :</subfield><subfield code="b">[s.n.]</subfield></datafield><datafield ind1=" " ind2=" " tag="300"><subfield code="a">v.</subfield></datafield><datafield ind1=" " ind2=" " tag="500"><subfield code="a">"Post" appears in smaller print and to the right of "Pico Times."</subfield></datafield><datafield ind1=" " ind2=" " tag="500"><subfield code="a">"20th Anniversary Edition" published June 11, 1953.</subfield></datafield><datafield ind1=" " ind2=" " tag="588"><subfield code="a">Description based on: Vol. 20, no. 1 (June 11, 1953).</subfield></datafield><datafield ind1=" " ind2="0" tag="651"><subfield code="a">Pico Rivera (Calif.)</subfield><subfield code="v">Newspapers.</subfield></datafield><datafield ind1=" " ind2="7" tag="655"><subfield code="a">Newspapers.</subfield><subfield code="2">fast</subfield><subfield code="0">(OCoLC)fst01423814</subfield></datafield><datafield ind1=" " ind2="7" tag="651"><subfield code="a">California</subfield><subfield code="z">Pico Rivera.</subfield><subfield code="2">fast</subfield><subfield code="0">(OCoLC)fst01219041</subfield></datafield><datafield ind1=" " ind2=" " tag="752"><subfield code="a">United States</subfield><subfield code="b">California</subfield><subfield code="c">Los Angeles</subfield><subfield code="d">Pico Rivera.</subfield></datafield></record>